<record><leader>00000cas a2200000 a 4500</leader><controlfield tag="001">25971475</controlfield><controlfield tag="008">920608c19279999wyuwr ne      0    0eng d</controlfield><datafield ind1=" " ind2=" " tag="010"><subfield code="a">sn 92067018 </subfield></datafield><datafield ind1=" " ind2=" " tag="040"><subfield code="a">NVO</subfield><subfield code="b">eng</subfield><subfield code="c">NVO</subfield><subfield code="d">NSD</subfield><subfield code="d">NVG</subfield><subfield code="d">OCL</subfield><subfield code="d">OCLCQ</subfield><subfield code="d">OCLCF</subfield><subfield code="d">OCLCO</subfield></datafield><datafield ind1=" " ind2=" " tag="042"><subfield code="a">msc</subfield></datafield><datafield ind1=" " ind2=" " tag="043"><subfield code="a">n-us-wy</subfield><subfield code="a">n-us-nb</subfield></datafield><datafield ind1="0" ind2=" " tag="130"><subfield code="a">Lusk herald (Lusk, Wyo. : 1927)</subfield></datafield><datafield ind1="1" ind2="4" tag="245"><subfield code="a">The Lusk herald.</subfield></datafield><datafield ind1="1" ind2="3" tag="246"><subfield code="a">Lusk herald and Lusk free lance</subfield><subfield code="f">Jan. 24, 1957-Jan. 23, 1958</subfield></datafield><datafield ind1=" " ind2=" " tag="260"><subfield code="a">Lusk, Wyo. :</subfield><subfield code="b">Lusk Herald Co.,</subfield><subfield code="c">1927-</subfield></datafield><datafield ind1=" " ind2=" " tag="300"><subfield code="a">v.</subfield></datafield><datafield ind1=" " ind2=" " tag="310"><subfield code="a">Weekly</subfield></datafield><datafield ind1="0" ind2=" " tag="362"><subfield code="a">Nov. 10, 1927-</subfield></datafield><datafield ind1=" " ind2=" " tag="500"><subfield code="a">Includes Niobrara County High School newspapers during the school years, Sept. 1955-May 1961.</subfield></datafield><datafield ind1=" " ind2=" " tag="515"><subfield code="a">Nov. 1, 1934- issues also called: Vol. 48, no. 25-</subfield></datafield><datafield ind1=" " ind2=" " tag="580"><subfield code="a">Called: The Lusk herald and Lusk free lance, Jan. 24, 1957-Jan. 23, 1958.</subfield></datafield><datafield ind1=" " ind2=" " tag="580"><subfield code="a">Distributed with each issue: The Harrison sun, Mar. 5, 1959-May 11, 1961; The Harrison sun and Sioux County news, Vol. 60, no. 3 (May 18, 1961)-v. 68, no. 22 (July 10, 1969); and The Harrison sun, v. 68, no. 23 (July 17, 1969)-v. 80, [no.] 14 (Apr. 30, 1981).</subfield></datafield><datafield ind1=" " ind2="0" tag="651"><subfield code="a">Lusk (Wyo.)</subfield><subfield code="v">Newspapers.</subfield></datafield><datafield ind1=" " ind2="0" tag="651"><subfield code="a">Niobrara County (Wyo.)</subfield><subfield code="v">Newspapers.</subfield></datafield><datafield ind1=" " ind2="0" tag="651"><subfield code="a">Harrison (Neb.)</subfield><subfield code="v">Newspapers.</subfield></datafield><datafield ind1=" " ind2="0" tag="651"><subfield code="a">Sioux County (Neb.)</subfield><subfield code="v">Newspapers.</subfield></datafield><datafield ind1=" " ind2="0" tag="650"><subfield code="a">High schools</subfield><subfield code="z">Wyoming</subfield><subfield code="z">Niobrara County</subfield><subfield code="v">Newspapers.</subfield></datafield><datafield ind1=" " ind2="7" tag="655"><subfield code="a">Newspapers.</subfield><subfield code="2">fast</subfield><subfield code="0">(OCoLC)fst01423814</subfield></datafield><datafield ind1=" " ind2="7" tag="650"><subfield code="a">High schools.</subfield><subfield code="2">fast</subfield><subfield code="0">(OCoLC)fst00956288</subfield></datafield><datafield ind1=" " ind2="7" tag="651"><subfield code="a">Nebraska</subfield><subfield code="z">Harrison.</subfield><subfield code="2">fast</subfield><subfield code="0">(OCoLC)fst01274974</subfield></datafield><datafield ind1=" " ind2="7" tag="651"><subfield code="a">Nebraska</subfield><subfield code="z">Sioux County.</subfield><subfield code="2">fast</subfield><subfield code="0">(OCoLC)fst01238325</subfield></datafield><datafield ind1=" " ind2="7" tag="651"><subfield code="a">Wyoming</subfield><subfield code="z">Lusk.</subfield><subfield code="2">fast</subfield><subfield code="0">(OCoLC)fst01298806</subfield></datafield><datafield ind1=" " ind2="7" tag="651"><subfield code="a">Wyoming</subfield><subfield code="z">Niobrara County.</subfield><subfield code="2">fast</subfield><subfield code="0">(OCoLC)fst01233651</subfield></datafield><datafield ind1=" " ind2=" " tag="752"><subfield code="a">United States</subfield><subfield code="b">Wyoming</subfield><subfield code="c">Niobrara</subfield><subfield code="d">Lusk.</subfield></datafield><datafield ind1=" " ind2=" " tag="752"><subfield code="a">United States</subfield><subfield code="b">Nebraska</subfield><subfield code="c">Sioux</subfield><subfield code="d">Harrison.</subfield></datafield><datafield ind1="1" ind2=" " tag="777"><subfield code="t">Harrison sun</subfield><subfield code="w">(DLC)sn 92067036</subfield></datafield><datafield ind1="1" ind2=" " tag="777"><subfield code="t">Harrison sun and Sioux County news</subfield><subfield code="w">(DLC)sn 92067037</subfield></datafield><datafield ind1="1" ind2=" " tag="777"><subfield code="t">Harrison sun (Harrison, Neb. : 1969)</subfield><subfield code="w">(DLC)sn 92067038</subfield></datafield><datafield ind1="0" ind2="0" tag="780"><subfield code="t">Lusk herald-standard</subfield><subfield code="w">(DLC)sn 92067035</subfield></datafield><datafield ind1="0" ind2="5" tag="780"><subfield code="t">Lusk free lance</subfield><subfield code="w">(DLC)sn 92067027</subfield></datafield></record>